@book{pressman2014software,
  title={Software Engineering: A Practitioner's Approach},
  author={Pressman, Roger S. and Maxim, Bruce R.},
  edition={8},
  year={2014},
  publisher={McGraw-Hill Higher Education}
}

@book{cockburn2001agile,
  title={Agile Software Development},
  author={Cockburn, Alistair},
  year={2001},
  publisher={Addison-Wesley Professional}
}

@online{ihk2023essen,
  author={IHK Ruhr},
  title={Hinweise zur Projektdokumentation},
  year={2023},
  url={https://www.ihk.de/blueprint/servlet/resource/blob/3855082/d89eb7489ba458f086ed598b2ed727d1/hinweise-zur-projektdokumentation-fachinformatiker-data.pdf},
  urldate={13.10.2023},
}

  

